Automatically generated by Mendeley Desktop 1.10.3
Any changes to this file will be lost if it is regenerated by Mendeley.

BibTeX export options can be customized via Options -> BibTeX in Mendeley Desktop

@Article{rivest1978,
  author    = {Rivest, R L and Adleman, L and Dertouzos, M L},
  journal   = {Foundations of Secure Computation, Academia Press},
  pages     = {169-179},
  title     = {On Data Banks and Privacy Homomorphisms},
  year      = 1978
}

@phdthesis{gentry,
  author  = "Craig Gentry",
  title   = "A fully homomorphic encryption scheme",
  school  = "Stanford University",
  year    = "2009",
  month   = "September"
}

@Article{benioff,
  author  = "Benioff, P.",
  title   = "The computer as a physical system: A microscopic quantum mechanical Hamiltonian model of computers as represented by Turing machines",
  journal = "Journal of Statistical Physics",
  year    = "1980",
  volume  = "22",
  number  = "5",
  pages   = "563–591",
  month   = "May"
}

@Article{feynman,
  author  = "Feynman, R.P.",
  title   = "Simulating physics with computers",
  journal = "International Journal of Theoretical Physics",
  year    = "1982",
  volume  = "21",
  number  = "6/7",
  pages   = "467-488",
  month   = "June"
}

@Book{manin,
  author    = "Manin, Yu. I.",
  title     = "Vychislimoe i nevychislimoe",
  publisher = "Sovetskoe Radio",
  year      = "1980",
  series    = "Kibernetika"
}

@misc{mermin,
  author       = "Mermin, David",
  title        = "Breaking RSA Encryption with a Quantum Computer: Shor’s Factoring Algorithm",
  howpublished = "Physics 481-681 Lecture Notes. Cornell University",
  month        = "Spring",
  year         = "2006",
}

@Article{gibney,
  author  = "Gibney, Elizabeth",
  title   = "The quantum gold rush",
  journal = "Nature",
  year    = "2019",
  volume  = "574",
  number  = "7776",
  pages   = "22-24",
  month   = "October"
}

@Article{lenstra,
  author  = "Lenstra, Arjen K.",
  title   = "Intejer Factoring",
  journal = "Designs, Codes and Cryptography",
  year    = "2000",
  volume  = "19",
  number  = "2/3",
  pages   = "101 - 128",
  month   = "March"
}

@InProceedings{shor,
  author       = "Shor, P.W.",
  title        = "Algorithms for quantum computation: discrete logarithms and factoring",
  booktitle    = "Proceedings 35th Annual Symposium on Foundations of Computer Science",
  year         = "1994",
  pages        = "124 - 134",
  month        = "November",
  publisher    = "Institute of Electrical and Electronics Engineers"
}

@Article{beckman,
  author  = "{Beckman}, David and {Chari}, Amalavoyal N. and {Devabhaktuni}, Srikrishna and {Preskill}, John",
  title   = "Efficient networks for quantum factoring",
  journal = "Physical Review A",
  year    = "1996",
  volume  = "54",
  number  = "2",
  pages   = "1034 - 1063",
  month   = "August"
}

@InCollection{Sendrier2011,
  author    = "Sendrier, Nicolas",
  editor    = "van Tilborg, Henk C. A. and Jajodia, Sushil",
  title     = "Code-Based Cryptography",
  bookTitle = "Encyclopedia of Cryptography and Security",
  year      = "2011",
  publisher = "Springer US",
  address   = "Boston, MA",
  pages     = "215--216",
  isbn      = "978-1-4419-5906-5",
  doi       = "10.1007/978-1-4419-5906-5_378",
  url       = "https://doi.org/10.1007/978-1-4419-5906-5_378"
}

@Article{hamming1950,
  author    = {Hamming, R. W.},
  journal   = {The Bell System Technical Journal}, 
  title     = {Error detecting and error correcting codes}, 
  year      = {1950},
  volume    = {29},
  number    = {2},
  pages     = {147-160},
  doi       = {10.1002/j.1538-7305.1950.tb00463.x}
}

@Article{cloud2020,
  author    = {Montazerolghaem, Ahmadreza and Yaghmaee, Mohammad Hossein and Leon-Garcia, Alberto},
  journal   = {IEEE Transactions on Green Communications and Networking}, 
  title     = {Green Cloud Multimedia Networking: NFV/SDN Based Energy-Efficient Resource Allocation}, 
  year      = {2020},
  volume    = {4},
  number    = {3},
  pages     = {873-889},
  doi       = {10.1109/TGCN.2020.2982821}
}

@Book{simpson,
  author    = "Simpson, Ted and Novak, Jason",
  title     = "Hands on Virtual Computing",
  publisher = "Cengage Learning",
  year      = "2017",
  edition   = "2nd",
  month     = "March"
}

@Article{ryan,
  author  = "Ryan, Mark D.",
  title   = "Cloud Computing Privacy Concerns on Our Doorstep",
  journal = "Communications of the ACM",
  year    = "2011",
  volume  = "54",
  number  = "1",
  pages   = "36-38",
  month   = "January"
}

@Book{irvine2001,
  author    = "Irvine, James and Harle, David",
  title     = "Data Communications and Networks: An Engineering Approach",
  publisher = "John Wiley \& Sons",
  year      = "2001",
  edition   = "illustrated"
}

@Book{berlekamp,
  author    = "Berlekamp, Elwyn R.",
  title     = "Algebraic Coding Theory",
  publisher = "World Scientiic Publishing Co. Pte. Ltd.",
  year      = "2015",
  edition   = "Revised",
  month     = "March"
}

@InProceedings{10.1007/978-3-540-30576-7_18,
  author    = "Boneh, Dan and Goh, Eu-Jin and Nissim, Kobbi",
  editor    = "Kilian, Joe",
  title     = "Evaluating 2-DNF Formulas on Ciphertexts",
  booktitle = "Theory of Cryptography",
  year      = "2005",
  publisher = "Springer Berlin Heidelberg",
  address   = "Berlin, Heidelberg",
  pages     = "325--341"
}

@article{10.1145/359340.359342,
  author        = {Rivest, R. L. and Shamir, A. and Adleman, L.},
  title         = {A Method for Obtaining Digital Signatures and Public-Key Cryptosystems},
  year          = {1978},
  issue_date    = {Feb. 1978},
  publisher     = {Association for Computing Machinery},
  address       = {New York, NY, USA},
  volume        = {21},
  number        = {2},
  issn          = {0001-0782},
  url           = {https://doi.org/10.1145/359340.359342},
  doi           = {10.1145/359340.359342},
  journal       = {Commun. ACM},
  month         = {feb},
  pages         = {120–126},
  numpages      = {7},
  keywords      = {factorization, public-key cryptosystems, message-passing, digital signatures, security, authentication, electronic funds transfer, electronic mail, privacy, cryptography, prime number}
}

@inproceedings{10.1145/800070.802212,
  author    = {Goldwasser, Shafi and Micali, Silvio},
  title     = {Probabilistic Encryption \& How to Play Mental Poker Keeping Secret All   Partial Information},
  booktitle = {Proceedings of the fourteenth annual ACM symposium on Theory of computing},
  year      = {1982},
  isbn      = {0897910702},
  publisher = {Association for Computing Machinery},
  address   = {New York, NY, USA},
  url       = {https://doi.org/10.1145/800070.802212},
  doi       = {10.1145/800070.802212},
  pages     = {365–377},
  numpages  = {13},
  location  = {San Francisco, California, USA},
  series    = {STOC '82}
}

@Article{GoppaCodes,
  author  = "Goppa, V.D.",
  title   = "A New Class of Linear Correcting Codes",
  journal = "Problems of Information Transmission",
  year    = "1970",
  volume  = "6",
  number  = "3",
  pages   = "207-212"
}

@Article{riemann-roch,
  author  = "Borel, Armand and Serre, Jean-Pierre",
  title   = "Le théorème de Riemann-Roch",
  journal = "Bulletin de la Société Mathématique de France",
  year    = "1958",
  volume  = "86",
  pages   = "97-136"
}

@Inbook{Overbeck2009,
  editor      = "Bernstein, Daniel J. and Buchmann, Johannes and Dahmen, Erik",
  title       = "Code-based cryptography",
  bookTitle   = "Post-Quantum Cryptography",
  year        = "2009",
  publisher   = "Springer Berlin Heidelberg",
  address     = "Berlin, Heidelberg",
  pages       = "95--145"
}

@InProceedings{10.1007/978-3-642-12929-2_6,
  author      = "Bernstein, Daniel J.",
  editor      = "Sendrier, Nicolas",
  title       = "Grover vs. McEliece",
  booktitle   = "Post-Quantum Cryptography",
  year        = "2010",
  publisher   = "Springer Berlin Heidelberg",
  address     = "Berlin, Heidelberg",
  pages       = "73--80"
}

@Article{1978DSNPR..44..114M,
  author = {{McEliece}, R.~J.},
  title = "{A Public-Key Cryptosystem Based On Algebraic Coding Theory}",
  journal = {Deep Space Network Progress Report},
  year = 1978,
  month = jan,
  volume = {44},
  pages = {114-116}
}

@article{80003180051,
  author    = "Niederreiter, H.",
  title     = "Knapsack-type cryptosystems and algebraic coding theory",
  journal   = "Prob. Contr. Inform. Theory",
  year      = "1986",
  volume    = "15",
  number    = "2",
  pages     = "157-166"
}

@InProceedings{10.1007/3-540-45682-1_10,
  author    = "Courtois, Nicolas T. and Finiasz, Matthieu and Sendrier, Nicolas",
  editor    = "Boyd, Colin",
  title     = "How to Achieve a McEliece-Based Digital Signature Scheme",
  booktitle = "Advances in Cryptology --- ASIACRYPT 2001",
  year      = "2001",
  publisher = "Springer Berlin Heidelberg",
  address   = "Berlin, Heidelberg",
  pages     = "157--174"
}

@article{SIDELNIKOVSHESTAKOV+1992+439+444,
  author    = {V. M. Sidelnikov and S. O. Shestakov},
  title     = {On insecurity of cryptosystems based on generalized Reed-Solomon codes},
  journal   = {Discrete Mathematics and Applications},
  number    = {4},
  volume    = {2},
  year      = {1992},
  pages     = {439--444}
}

@book{micciancio2012complexity,
  title     = {Complexity of Lattice Problems: A Cryptographic Perspective},
  author    = {Micciancio, D. and Goldwasser, S.},
  isbn      = {9781461508977},
  lccn      = {2002016053},
  series    = {The Springer International Series in Engineering and Computer Science},
  url       = {https://books.google.com/books?id=-HjrBwAAQBAJ},
  publisher = {Springer US},
  year      = {2012}
}